<?xml version="1.0" encoding="UTF-8"?><collection xmlns="http://www.loc.gov/MARC21/slim"><record><leader>00377nam--2200133-i-4500</leader><controlfield tag="001">000023536</controlfield><controlfield tag="002">20161230</controlfield><controlfield tag="005">20161230201035</controlfield><controlfield tag="008">060222s1000------------r-----000-0-eng-d</controlfield><datafield ind1=" " ind2=" " tag="080"><subfield code="a">801.323.2=590=60</subfield></datafield><datafield ind1=" " ind2=" " tag="100"><subfield code="a">Ghitescu, Micaela</subfield></datafield><datafield ind1=" " ind2=" " tag="245"><subfield code="a">Dictionar roman-spaniol (pentru uzul elevilor)</subfield></datafield><datafield ind1=" " ind2=" " tag="260"><subfield code="a">Bucuresti, Editura Stiintifica Si Enciclopedica, 1976, 414p</subfield></datafield><datafield ind1=" " ind2=" " tag="852"><subfield code="a">D.517</subfield></datafield></record></collection>